% example .bib file for use with projectpaper.tex

@article{Brelaz
  ,author = {D Br\'{e}laz}
  ,title = {New Methods to Color the Vertices of a Graph}
  ,year = 1979
  ,publisher = {Communications of the ACM}
  ,pages = {252}
}

@article{Hao
  ,author = {Galinier, P. and Hao, JK.}
  ,title = {Hybrid Evolutionary Algorithms for Graph Coloring}
  ,year = 1999
  ,publisher = {Kluwer Academic Publishers}
  ,pages = {384-387}
}

@book{Porumbel
  ,author = {Porumbel, D., Hao, J.K., Kuntz, P}
  ,title = {A study of evaluation functions for the graph K-coloring problem.}
  ,year = 2008
  ,publisher = {Springer}
  ,pages = {124-135}
}


@book{Johnson
  ,author = {Johnson, D. and Trick, M.}
  ,title = {Cliques, Coloring, and Satisfiability}
  ,year = 1993
  ,publisher = {American Mathematical Society}
}

@book{Sousa
  ,author = {Resende, M. and Sousa, J.}
  ,title = {Metaheuristics}
  ,year = 2004
  ,publisher = {Springer}
}

@book{Zhang
  ,author = {Chartrand, G. and Zhang, P.}
  ,title = {Chromatic graph theory}
  ,year = 2009
  ,publisher = {Chapman \& Hall/CRC/Taylor \& Francis Group.}
}

@article{Trudeau
  ,author = {Trudeau, R.}
  ,title = {Introduction to Graph Theory}
  ,year = 1993
  ,publisher = {Dover}
  ,pages = {64}
}

@article{Marappan
  ,author = {Marappan, R. and Sethumadhavan, G.}
  ,title = {Solution to Graph Coloring Using Genetic and Tabu Search Procedures.}
  ,year = 2017
  ,publisher = {Springer}
  ,pages = {525-528}
}

@article{Toth
  ,author = {Malaguti, E., Monaci, M. and Toth, P.}
  ,title = {An exact approach for the Vertex Coloring Problem.}
  ,year = 2010
  ,publisher = {Elsevier}
}

@book{Lewis
  ,author = {R.M.R. Lewis}
  ,title = {A Guide to Graph Colouring: Algorithms and Applications}
  ,year = 2015
  ,publisher = {Springer}
}

@article{Dowsland
  ,author = {K.A. Dowsland and J.M. Thompson}
  ,title = {An improved ant colony optimisation heuristic for graph colouring}
  ,year = 2007
  ,publisher = {Elsevier}
}

@article{Gupta
  ,author = {Deepti Gupta and Shabina Ghafir}
  ,title = {An Overview of methods maintaining Diversity in Genetic Algorithms}
  ,volume = 2
  ,issue  = 5
  ,year = 2012
  ,publisher = {International Journal of Emerging Technology and Advanced Engineering}
}

@article{Hertz
  ,author = {A. Hertz and D. de Werra}
  ,title = {Using Tabu Search Techniques for Graph Coloring}
  ,year = 1987
  ,publisher = {Springer}
}

@article{Geman
  ,author = {Donald Geman and Stuart Geman}
  ,title = {Stochastic Relaxation, Gibbs Distributions, and the Bayesian Restoration of Images}
  ,year = 1984
  ,publisher = {IEEE}
  ,pages={721-741}
}

@article{Appel
  ,author = {K. Appel and W. Haken}
  ,title = {Every planar map is four colorable}
  ,year = 1976
  ,publisher = {University of Illinois}
}

@article{Chaitin
  ,author = {G.J. Chaitin}
  ,title = {Register Allocation \& Spilling via Graph Colouring}
  ,year = 1982
  ,publisher = {IBM Research}
}

@article{Halldorsson
  ,author = {Magn\'{u}s M. Halld\'{o}rsson}
  ,title = {A Still Better Performance Guarantee for Approximate Graph Coloring}
  ,year = 1993
  ,publisher = {Elsevier}
}

@article{Zuckerman
  ,author = {David Zuckerman}
  ,title = {Linear Degree Extractors and the Inapproximability of Max Clique and Chromatic Number}
  ,year = 2007
  ,publisher = {Theory of Computing}
}

@article{Mitchem
  ,author = {John Mitchem}
  ,title = {On various algorithms for estimating the chromatic number of a graph}
  ,year = 1973
  ,publisher = {The Computer Journal}
  ,pages={182-183}
}

@book{Penrose
  ,author = {Mathew Penrose}
  ,title = {On various algorithms for estimating the chromatic number of a graph}
  ,year = 2003
  ,publisher = {Oxford University Press}
  ,pages={1-3}
}

@article{Leighton
  ,author = {Frank Thomson Leighton}
  ,title = {A Graph Coloring Algorithm for Large Scheduling Problems}
  ,year = 1979
  ,publisher = {Journal of Research of the National Bureau of Standards}
  ,pages={490-491}
}

@article{Vose
  ,author = {Michael D. Vose}
  ,title = {The Simple Genetic Algorithm: Foundations and Theory}
  ,year = 1999
  ,publisher = {Massachusetts Institute of Technology}
  ,pages={21-36}
}

@book{Penrose
  ,author = {Mathew Penrose}
  ,title = {On various algorithms for estimating the chromatic number of a graph}
  ,year = 2003
  ,publisher = {Oxford University Press}
  ,pages={1-3}
}

@book{Davis
  ,author = {L. Davis}
  ,title = {Handbook of genetic algorithms}
  ,year = 2003
  ,publisher = {Van Nostrand Reinhold: New York}
}

@article{Stutzle
  ,author = {Marco Chiarandini, Irina Dumitrescu, and Thomas St\"utzle}
  ,title = {Local Search for the Colouring Graph Problem. A Computational Study}
  ,year = 2003
}

@article{Tarjan
  ,author = {Robert Endre Tarjan and Anthony E. Trojanowski}
  ,title = {FINDING A MAXIMUM INDEPENDENT SET}
  ,year = 1976
  ,publisher = {Stanford University}
}

@website{Wiki
  ,author = {Wikipedia}
  ,title = {Four color theorem}
  ,year = 2007
  ,publisher = {Wikipedia, the free encyclopedia}
}